<?xml version="1.0" encoding="UTF-8"?><collection xmlns="http://www.loc.gov/MARC21/slim"><record><leader>00373nam--2200121-i-4500</leader><controlfield tag="001">000037808</controlfield><controlfield tag="002">20161230</controlfield><controlfield tag="005">20161230201041</controlfield><controlfield tag="008">060222s1000------------r-----000-0-eng-d</controlfield><datafield ind1=" " ind2=" " tag="100"><subfield code="a">Ramsauer, C</subfield></datafield><datafield ind1=" " ind2=" " tag="245"><subfield code="a">Wirkungsquerschmitt der edelgase gegenuber langsamen elektronen. herausgegeben von e.bruche. mit 30 fig</subfield></datafield><datafield ind1=" " ind2=" " tag="260"><subfield code="a">Leipzig, Geest &amp; Portig, 1954, X + 90p</subfield></datafield><datafield ind1=" " ind2=" " tag="852"><subfield code="a">3443</subfield></datafield></record></collection>